<record><leader>00000cas a22000007a 4500</leader><controlfield tag="001">13240828</controlfield><controlfield tag="008">860305d18671872txucr ne      0    0eng  </controlfield><datafield ind1=" " ind2=" " tag="010"><subfield code="a">sn 86071182 </subfield></datafield><datafield ind1=" " ind2=" " tag="040"><subfield code="a">DLC</subfield><subfield code="b">eng</subfield><subfield code="c">DLC</subfield><subfield code="d">PPM</subfield><subfield code="d">MGN</subfield><subfield code="d">DLC</subfield><subfield code="d">OCLCQ</subfield></datafield><datafield ind1=" " ind2=" " tag="042"><subfield code="a">msc</subfield></datafield><datafield ind1="0" ind2="0" tag="050"><subfield code="a">Newspaper</subfield></datafield><datafield ind1="0" ind2="0" tag="245"><subfield code="a">Flake's semi-weekly Galveston bulletin.</subfield></datafield><datafield ind1="1" ind2="7" tag="246"><subfield code="a">Semiweekly bulletin</subfield></datafield><datafield ind1="1" ind2="3" tag="246"><subfield code="a">Flake's semi-weekly bulletin</subfield></datafield><datafield ind1=" " ind2=" " tag="260"><subfield code="a">Galveston, Tex. :</subfield><subfield code="b">F. Flake &amp; Co.,</subfield><subfield code="c">1867-1872.</subfield></datafield><datafield ind1=" " ind2=" " tag="300"><subfield code="a">v. ;</subfield><subfield code="c">50 cm.</subfield></datafield><datafield ind1=" " ind2=" " tag="310"><subfield code="a">Semiweekly</subfield></datafield><datafield ind1="0" ind2=" " tag="362"><subfield code="a">Vol. 5, no. 13 (May 25, 1867)-</subfield></datafield><datafield ind1="1" ind2=" " tag="362"><subfield code="a">Ceased Oct. 22, 1872.</subfield></datafield><datafield ind1=" " ind2=" " tag="530"><subfield code="a">Also issued on microfilm from Microfilm Center, Inc.</subfield></datafield><datafield ind1=" " ind2=" " tag="588"><subfield code="a">Description based on: Vol. 6, no. 1 (Feb. 29, 1868).</subfield></datafield><datafield ind1=" " ind2=" " tag="752"><subfield code="a">United States</subfield><subfield code="b">Texas</subfield><subfield code="c">Galveston</subfield><subfield code="d">Galveston.</subfield></datafield><datafield ind1="0" ind2=" " tag="775"><subfield code="t">Flake's daily Galveston bulletin (Galveston, Tex. : 1865)</subfield><subfield code="w">(OCoLC)14634159</subfield></datafield><datafield ind1="0" ind2=" " tag="775"><subfield code="t">Flake's evening bulletin</subfield><subfield code="w">(OCoLC)14269992</subfield></datafield><datafield ind1="0" ind2=" " tag="775"><subfield code="t">Flake's tri-weekly Galveston bulletin</subfield><subfield code="w">(OCoLC)14270049</subfield></datafield><datafield ind1="0" ind2=" " tag="775"><subfield code="t">Flake's Galveston bulletin (Galveston, Tex.)</subfield><subfield code="w">(OCoLC)14768859</subfield></datafield><datafield ind1="0" ind2="0" tag="780"><subfield code="t">Flake's weekly Galveston bulletin</subfield><subfield code="w">(DLC)sn 86071181</subfield></datafield><datafield ind1="1" ind2=" " tag="029"><subfield code="a">AU@</subfield><subfield code="b">000026225791</subfield></datafield></record>